<?xml version="1.0" encoding="UTF-8"?>
<marcx:collection xmlns:marcx="info:lc/xmlns/marcxchange-v1"><marcx:record format="danMARC2" type="Bibliographic" xmlns:marcx="info:lc/xmlns/marcxchange-v1"><marcx:leader>00000n    2200000   4500</marcx:leader><marcx:datafield tag="001" ind1="0" ind2="0"><marcx:subfield code="a">06727905</marcx:subfield><marcx:subfield code="b">710100</marcx:subfield><marcx:subfield code="f">a</marcx:subfield><marcx:subfield code="t">FAUST</marcx:subfield></marcx:datafield><marcx:datafield tag="004" ind1="0" ind2="0"><marcx:subfield code="r">n</marcx:subfield><marcx:subfield code="a">e</marcx:subfield></marcx:datafield><marcx:datafield tag="008" ind1="0" ind2="0"><marcx:subfield code="t">s</marcx:subfield><marcx:subfield code="u">f</marcx:subfield><marcx:subfield code="a">1988</marcx:subfield><marcx:subfield code="b">dk</marcx:subfield><marcx:subfield code="l">dan</marcx:subfield><marcx:subfield code="v">0</marcx:subfield></marcx:datafield><marcx:datafield tag="009" ind1="0" ind2="0"><marcx:subfield code="a">a</marcx:subfield><marcx:subfield code="g">xx</marcx:subfield></marcx:datafield><marcx:datafield tag="021" ind1="0" ind2="0"><marcx:subfield code="a">87-7492-667-5</marcx:subfield><marcx:subfield code="c">hf.</marcx:subfield><marcx:subfield code="d">kr. 158,60</marcx:subfield></marcx:datafield><marcx:datafield tag="032" ind1="0" ind2="0"><marcx:subfield code="a">DBF8828</marcx:subfield><marcx:subfield code="e">TKO8828</marcx:subfield><marcx:subfield code="m">NDF0305</marcx:subfield></marcx:datafield><marcx:datafield tag="096" ind1="0" ind2="0"><marcx:subfield code="z">760700</marcx:subfield><marcx:subfield code="t">19881110</marcx:subfield></marcx:datafield><marcx:datafield tag="100" ind1="0" ind2="0"><marcx:subfield code="a">Mylius</marcx:subfield><marcx:subfield code="h">Johan E. de</marcx:subfield></marcx:datafield><marcx:datafield tag="245" ind1="0" ind2="0"><marcx:subfield code="a">Litteraturbilleder</marcx:subfield><marcx:subfield code="c">æstetiske udflugter i litteraturen fra Søren Kierkegꜳrd til Karen Blixen</marcx:subfield><marcx:subfield code="e">Johan de Mylius</marcx:subfield></marcx:datafield><marcx:datafield tag="260" ind1="0" ind2="0"><marcx:subfield code="a">[Odense]</marcx:subfield><marcx:subfield code="b">Odense Universitetsforlag</marcx:subfield><marcx:subfield code="c">cop. 1988</marcx:subfield><marcx:subfield code="k">Narayana Press, Gylling</marcx:subfield></marcx:datafield><marcx:datafield tag="300" ind1="0" ind2="0"><marcx:subfield code="a">160 sider</marcx:subfield><marcx:subfield code="c">22 cm</marcx:subfield></marcx:datafield><marcx:datafield tag="440" ind1="0" ind2="0"><marcx:subfield code="z">0078-3331</marcx:subfield><marcx:subfield code="a">Odense University studies in Scandinavian languages and literatures</marcx:subfield><marcx:subfield code="V">18</marcx:subfield><marcx:subfield code="v">vol. 18</marcx:subfield></marcx:datafield><marcx:datafield tag="530" ind1="0" ind2="0"><marcx:subfield code="a">Indhold: Skygger : det skjulte sprog i Søren Kierkeg ꜳrds Gjentagelsen ; Andersens anden revolution ; Symbolismens rødder i realismen ; Ild og stof : perspektiver i Tom Kristensens prosaekspressionisme ; Fortællingens veje: - et rids af Karen Blixens æstetik</marcx:subfield></marcx:datafield><marcx:datafield tag="532" ind1="0" ind2="0"><marcx:subfield code="a">Relevant litteratur: side 159</marcx:subfield></marcx:datafield><marcx:datafield tag="652" ind1="0" ind2="0"><marcx:subfield code="m">81.604</marcx:subfield></marcx:datafield><marcx:datafield tag="666" ind1="0" ind2="0"><marcx:subfield code="f">dansk litteratur</marcx:subfield></marcx:datafield><marcx:datafield tag="666" ind1="0" ind2="0"><marcx:subfield code="f">litteratur</marcx:subfield></marcx:datafield><marcx:datafield tag="666" ind1="0" ind2="0"><marcx:subfield code="f">æstetik</marcx:subfield></marcx:datafield><marcx:datafield tag="910" ind1="0" ind2="0"><marcx:subfield code="a">Odense Universitet</marcx:subfield><marcx:subfield code="x">se</marcx:subfield><marcx:subfield code="w">Odense University studies in Scandinavian languages and literatures</marcx:subfield></marcx:datafield></marcx:record></marcx:collection>